<?xml version="1.0" encoding="UTF-8"?><collection xmlns="http://www.loc.gov/MARC21/slim"><record><leader>00392nam--2200133-i-4500</leader><controlfield tag="001">000028769</controlfield><controlfield tag="002">20161230</controlfield><controlfield tag="005">20161230201037</controlfield><controlfield tag="008">060222s1000------------r-----000-0-eng-d</controlfield><datafield ind1=" " ind2=" " tag="100"><subfield code="a">Le Page,, Wilbur And Samuel Seely</subfield></datafield><datafield ind1=" " ind2=" " tag="245"><subfield code="a">General network analysis</subfield></datafield><datafield ind1=" " ind2=" " tag="260"><subfield code="a">New York, Mcgraw-hill, 1952. Viii + 516p.Cu Fig</subfield></datafield><datafield ind1=" " ind2=" " tag="490"><subfield code="a">Mcgraw-hill, Electrical And Electronic Eng.Series</subfield></datafield><datafield ind1=" " ind2=" " tag="852"><subfield code="a">11808</subfield></datafield></record></collection>